@inproceedings{cyclops,
  title={How to Fit when No One Size Fits.},
  author={Lim, Harold and Han, Yuzhang and Babu, Shivnath},
  booktitle={CIDR},
  volume={4},
  pages={35},
  year={2013}
}

@inproceedings{stonebraker2007end,
  title={The end of an architectural era:(it's time for a complete rewrite)},
  author={Stonebraker, Michael and Madden, Samuel and Abadi, Daniel J and Harizopoulos, Stavros and Hachem, Nabil and Helland, Pat},
  booktitle={Proceedings of the 33rd international conference on Very large data bases},
  pages={1150--1160},
  year={2007},
  organization={VLDB Endowment}
}

@inproceedings{perfopticon,
  title={Perfopticon: Visual query analysis for distributed databases},
  author={Moritz, Dominik and Halperin, Daniel and Howe, Bill and Heer, Jeffrey},
  booktitle={Computer Graphics Forum (EuroVis), Cagliari, Italy},
  volume={34},
  year={2015}
}

@inproceedings{myria ,
  title={Demonstration of the Myria big data management service},
  author={Halperin, Daniel and Teixeira de Almeida, Victor and Choo, Lee Lee and Chu, Shumo and Koutris, Paraschos and Moritz, Dominik and Ortiz, Jennifer and Ruamviboonsuk, Vaspol and Wang, Jingjing and Whitaker, Andrew and others},
  booktitle={Proceedings of the 2014 ACM SIGMOD international conference on Management of data},
  pages={881--884},
  year={2014},
  organization={ACM}
}

@inproceedings{polybase,
  title={Split query processing in polybase},
  author={DeWitt, David J and Halverson, Alan and Nehme, Rimma and Shankar, Srinath and Aguilar-Saborit, Josep and Avanes, Artin and Flasza, Miro and Gramling, Jim},
  booktitle={Proceedings of the 2013 ACM SIGMOD International Conference on Management of Data},
  pages={1255--1266},
  year={2013},
  organization={ACM}
}


@misc{gprof,
  title = {GPROF},
  howpublished = {\url{https://sourceware.org/binutils/docs/gprof/}}
}

@misc{dapper,
  title = {Google Dapper},
  howpublished = {\url{http://research.google.com/pubs/pub36356.html}}
}

@misc{ambrose,
  title = {Twitter Ambrose},
  howpublished = {\url{https://github.com/twitter/ambrose}}
}

@misc{scidb,
  title = {SciDB by Paradigm4},
  howpublished = {\url{http://www.paradigm4.com/}}
}
